<record><leader>00000cas a22000007a 4500</leader><controlfield tag="001">14444586</controlfield><controlfield tag="008">861021d19281976pauwr ne      0    0eng d</controlfield><datafield ind1=" " ind2=" " tag="010"><subfield code="a">sn 86081898 </subfield></datafield><datafield ind1=" " ind2=" " tag="040"><subfield code="a">NPH</subfield><subfield code="b">eng</subfield><subfield code="c">NPH</subfield><subfield code="d">NSD</subfield><subfield code="d">OCLCQ</subfield></datafield><datafield ind1=" " ind2=" " tag="042"><subfield code="a">msc</subfield></datafield><datafield ind1="0" ind2="4" tag="245"><subfield code="a">The Middleburg post.</subfield></datafield><datafield ind1=" " ind2=" " tag="260"><subfield code="a">Middleburg, Snyder County, Pa. :</subfield><subfield code="b">Middleburg Post Co.,</subfield><subfield code="c">1928-1976.</subfield></datafield><datafield ind1=" " ind2=" " tag="300"><subfield code="a">48 v. ;</subfield><subfield code="c">55 cm.</subfield></datafield><datafield ind1=" " ind2=" " tag="310"><subfield code="a">Weekly</subfield></datafield><datafield ind1="1" ind2=" " tag="362"><subfield code="a">Vol. 65, no. 39 (Oct. 4, 1928)-v. 113, no. 9 (Feb. 26, 1976).</subfield></datafield><datafield ind1=" " ind2=" " tag="500"><subfield code="a">Published every Thursday morning.</subfield></datafield><datafield ind1=" " ind2=" " tag="580"><subfield code="a">Absorbed: McClure plain dealer and "Snyder County weekly herald," consolidated, 1974.</subfield></datafield><datafield ind1=" " ind2=" " tag="752"><subfield code="a">United States</subfield><subfield code="b">Pennsylvania</subfield><subfield code="c">Snyder</subfield><subfield code="d">Middleburg.</subfield></datafield><datafield ind1="0" ind2="0" tag="780"><subfield code="t">Middleburg post (Middleburg, Pa. : 1917)</subfield><subfield code="w">(DLC)sn 86081897</subfield></datafield><datafield ind1="1" ind2="5" tag="780"><subfield code="t">McClure plain dealer and "Snyder County weekly herald," consolidated</subfield></datafield><datafield ind1="0" ind2="0" tag="785"><subfield code="t">Post (Middleburg, Pa. : 1976)</subfield><subfield code="x">1043-4291</subfield><subfield code="w">(DLC)sn 86081901</subfield><subfield code="w">(OCoLC)14444566</subfield></datafield></record>